<collection xmlns="http://www.loc.gov/MARC21/slim"><record><leader>01432nam  2200361   450</leader><controlfield tag="001">907</controlfield><controlfield tag="003">http://montalegre.opacnet.com/OPAC/default.aspx?ContentAreaControl=ShowRegHoldings.ascx&amp;RegNo=16662</controlfield><datafield tag="021" ind1=" " ind2=" "><subfield code="a">PT</subfield></datafield><datafield tag="100" ind1=" " ind2=" "><subfield code="a">20061013d19?     m  y0pory0103    ba</subfield></datafield><datafield tag="101" ind1="1" ind2=" "><subfield code="a">por</subfield><subfield code="c">fre</subfield></datafield><datafield tag="102" ind1=" " ind2=" "><subfield code="a">PT</subfield></datafield><datafield tag="105" ind1=" " ind2=" "><subfield code="a">y   z   001fy</subfield></datafield><datafield tag="106" ind1=" " ind2=" "><subfield code="a">r</subfield></datafield><datafield tag="200" ind1="1" ind2=" "><subfield code="a">As mil e uma noites</subfield></datafield><datafield tag="210" ind1=" " ind2=" "><subfield code="a">Mem Martins</subfield><subfield code="c">Europa-América</subfield><subfield code="d">[1990]</subfield></datafield><datafield tag="215" ind1=" " ind2=" "><subfield code="a">vol.</subfield><subfield code="d">18 cm</subfield></datafield><datafield tag="225" ind1="2" ind2=" "><subfield code="a">Livros de bolso Europa-América</subfield><subfield code="v">383, 384, 388, 392, 396 e 400</subfield></datafield><datafield tag="304" ind1=" " ind2=" "><subfield code="a">Tít. orig.: Les Mille et une nuits</subfield></datafield><datafield tag="327" ind1="1" ind2=" "><subfield code="a">vol. I: 156, [1] p.</subfield><subfield code="a">vol. II: 160, [1] p.</subfield><subfield code="a">vol. III: 179, [1] p.</subfield><subfield code="a">vol. IV: 182, [1] p.</subfield><subfield code="a">vol. V: 213, [1] p.</subfield><subfield code="a">vol. VI: 164, [1] p.</subfield></datafield><datafield tag="606" ind1="1" ind2=" "><subfield code="a">Literatura francesa</subfield></datafield><datafield tag="675" ind1=" " ind2=" "><subfield code="a">821</subfield></datafield><datafield tag="801" ind1=" " ind2="0"><subfield code="a">PT</subfield><subfield code="b">Biblioteca Municipal de Montalegre</subfield><subfield code="g">RPC</subfield></datafield><datafield tag="856" ind1=" " ind2=" "><subfield code="u">locateMedia.asp?cod=20060629115433&amp;ext=jpg</subfield><subfield code="z">CAPA</subfield></datafield><datafield tag="856" ind1=" " ind2=" "><subfield code="u">locateMedia.asp?cod=20060629115446&amp;ext=jpg</subfield><subfield code="z">CAPA</subfield></datafield><datafield tag="856" ind1=" " ind2=" "><subfield code="u">locateMedia.asp?cod=20060629120025&amp;ext=jpg</subfield><subfield code="z">CAPA</subfield></datafield><datafield tag="856" ind1=" " ind2=" "><subfield code="u">locateMedia.asp?cod=20060629120233&amp;ext=jpg</subfield><subfield code="z">CAPA</subfield></datafield><datafield tag="856" ind1=" " ind2=" "><subfield code="u">locateMedia.asp?cod=20060629120253&amp;ext=jpg</subfield><subfield code="z">CAPA</subfield></datafield><datafield tag="856" ind1=" " ind2=" "><subfield code="u">locateMedia.asp?cod=20060629120314&amp;ext=jpg</subfield><subfield code="z">CAPA</subfield></datafield><datafield tag="909" ind1="&#9;" ind2=" "><subfield code="a">6</subfield></datafield><datafield tag="966" ind1=" " ind2=" "><subfield code="a">0005489</subfield><subfield code="l">BMM</subfield><subfield code="s">SCG 821 MIL mil 383</subfield></datafield><datafield tag="966" ind1=" " ind2=" "><subfield code="a">0005488</subfield><subfield code="l">BMM</subfield><subfield code="s">SCG 821 MIL mil 384</subfield></datafield><datafield tag="966" ind1=" " ind2=" "><subfield code="a">0005487</subfield><subfield code="l">BMM</subfield><subfield code="s">SCG 821 MIL mil 388</subfield></datafield><datafield tag="966" ind1=" " ind2=" "><subfield code="a">0005486</subfield><subfield code="l">BMM</subfield><subfield code="s">SCG 821 MIL mil 392</subfield></datafield><datafield tag="966" ind1=" " ind2=" "><subfield code="a">0005485</subfield><subfield code="l">BMM</subfield><subfield code="s">SCG 821 MIL mil 396</subfield></datafield><datafield tag="966" ind1=" " ind2=" "><subfield code="a">0005484</subfield><subfield code="l">BMM</subfield><subfield code="s">SCG 821 MIL mil 400</subfield></datafield></record></collection>